@string{cup = {Cambridge University Press}}
@string{rjc = {Carroll, Raymond J.}}

@xdata{xrtest,
maintitle = {XDATA Main Title},
year = {1980},
}

@xdata{xrtest2,
journaltitle = {JASA},
year = {2013},
}

@xdata{xrtest3,
publisher = {cup},
location = {The Moon},
}

@book{xdatbook,
title = {The Parent Title},
author = {McLean, Mathew} # rjc,
addendum = {A full unpublished entry},
subtitle = {Book Subtitle},
language = {spanish},
note = {The note},
howpublished = {Howpublished for additional info.},
url = {http://example.com},
urldate = {2013-09},
pubstate = {The Pubstate},
label = {PLab},
xdata = {xrtest3,xrtest},
%crossref = {min:inbook}
}

@article{crchild,
title = {Child Title},
pages = {2--25},
author = {Gentleman, Jack},
xdata = {xrtest2},
volume = 3,
number = 10,
series = {All About Plants},
}

@inbook{min:inbook,
  author       = {Foobar, M. V.},
  title        = {The Title of the Part},
  maintitle = {The Book Title},
  date = {2001-01-30},
  volume = 2,
  addendum   = {A minimal inbook entry},
  presort = {AA},
  crossref = {max:inbook}
}

@inbook{max:inbook,
  author       = {Aardvark, Author In-Book and Smith, Bob},
  title        = {The Plain Old Title},
  booktitle = {The Book Title},
  subtitle = {The Parent Subtitle},
  date         = {2013-12-12},
  bookauthor = {Author, First Book and Author, Second Book},
  editor       = {Hicks, Robert Drew},
  editortype = {collaborator},
  editora = {Sacomano, Bob and Smith, Robert and Sacks, Robert},
  editoratype = {founder},
  editorb = {Smith, Steve},
  editorbtype = {collaborator},
  commentator = {Commentator, The},
  annotator = {Annotator, The},
  foreword = {Forward Author},
  afterword = {Afterword, T. A.},
  translator = {Translator, Jane A. and Translator, Bob B.},
  editorc = {Austen, Jane},
  editorctype = {redactor},
  booksubtitle = {The Book SubTitle},
  booktitleaddon = {The Book Title Addon},
  mainsubtitle = {The Main SubTitle},
  maintitleaddon = {The Main Title Addon},
  maintitle = {The Main Title},
  subtitle = {The Subtitle},
  titleaddon = {The Title Addon},
  edition = 2,
  series = {SeriesNum},
  volume = {VolNum},
  part = {PartNum},
  number = {NumNum},
  note = {This is the note},
  publisher    = {cup},
  location     = {Cambridge},
  keywords     = {primary},
  chapter = {TheChapter},
  pagetotal = {30},
  pages = {1--300},
  volume = 3,
  volumes = 6,
  introduction = {Intro Author},
  pubstate = {prepublished},
  url = {http://example.com},
  urldate = {2002},
  eprint = {PMID},
  eprinttype = {pubmed},
  eprintclass = {EprintClass},
  isbn = {THE ISBN},
  doi = {98-DOI-a34-3},
  language = {english},
  pagination = {verse},
  bookpagination = {section},
  origlanguage = {french},
  langid       = {english},
  langidopts   = {variant=british},
  addendum   = {A full inbook entry},
}
