@bookinbook{min:incollection,
  author       = {Mathew William McLean and John {Wilkes Booth}},
  title        = {The Title of the Part},
  booktitle = {The Book Title},
  bookauthor = {McLean, Rob},
  editor = {Editor, Johnny},
  date = {2012-10/},
}

@incollection{max:incollection,
  author       = {McLean, Mathew},
  title        = {The InCollection Title},
  booktitle = {The Book Title},
  date         = {2013-12-12},
  bookauthor = {Author, First Book and Author, Second Book},
  editor       = {Hicks, Robert Drew},
  editortype = {collaborator},
  editora = {Sacomano, Bob and Smith, Robert and Sacks, Robert},
  editoratype = {founder},
  editorb = {Smith, Steve},
  editorbtype = {collaborator},
  commentator = {Commentator, The},
  annotator = {Annotator, The},
  foreword = {Forward Author},
  afterword = {Afterword, T. A.},
  translator = {Translator, Jane A. and Translator, Bob B.},
  editorc = {Austen, Jane},
  editorctype = {redactor},
  booksubtitle = {The Book SubTitle},
  booktitleaddon = {The Book Title Addon},
  mainsubtitle = {The Main SubTitle},
  maintitleaddon = {The Main Title Addon},
  maintitle = {The Main Title},
  subtitle = {The Subtitle},
  titleaddon = {The Title Addon},
  edition = 2,
  series = {SeriesNum},
  volume = {VolNum},
  part = {PartNum},
  number = {NumNum},
  note = {This is the note},
  publisher    = cup,
  location     = {Cambridge},
  keywords     = {primary},
  chapter = {TheChapter},
  pagetotal = {30},
  pages = {1--300},
  volume = 3,
  volumes = 6,
  introduction = {Intro Author},
  pubstate = {prepublished},
  url = {http://example.com},
  urldate = {2002},
  eprint = {PMID},
  eprinttype = {pubmed},
  eprintclass = {EprintClass},
  isbn = {THE ISBN},
  doi = {98-DOI-a34-3},
  language = {english},
  pagination = {verse},
  bookpagination = {section},
  origlanguage = {french},
  langid       = {english},
  langidopts   = {variant=british},
  addendum   = {A full inbook entry},
}

@inbook{min:inbook,
  author       = {Foobar, M. V.},
  title        = {The Title of the Part},
  maintitle = {The Book Title},
  date = {2001-01-30},
  volume = 2,
  addendum   = {A minimal inbook entry},
  presort = {AA},
}

@inbook{max:inbook,
  author       = {Aardvark, Author In-Book and Smith, Bob},
  title        = {The Plain Old Title},
  booktitle = {The Book Title},
  date         = {2013-12-12},
  bookauthor = {Author, First Book and Author, Second Book},
  editor       = {Hicks, Robert Drew},
  editortype = {collaborator},
  editora = {Sacomano, Bob and Smith, Robert and Sacks, Robert},
  editoratype = {founder},
  editorb = {Smith, Steve},
  editorbtype = {collaborator},
  commentator = {Commentator, The},
  annotator = {Annotator, The},
  foreword = {Forward Author},
  afterword = {Afterword, T. A.},
  translator = {Translator, Jane A. and Translator, Bob B.},
  editorc = {Austen, Jane},
  editorctype = {redactor},
  booksubtitle = {The Book SubTitle},
  booktitleaddon = {The Book Title Addon},
  mainsubtitle = {The Main SubTitle},
  maintitleaddon = {The Main Title Addon},
  maintitle = {The Main Title},
  subtitle = {The Subtitle},
  titleaddon = {The Title Addon},
  edition = 2,
  series = {SeriesNum},
  volume = {VolNum},
  part = {PartNum},
  number = {NumNum},
  note = {This is the note},
  publisher    = cup,
  location     = {Cambridge},
  keywords     = {primary},
  chapter = {TheChapter},
  pagetotal = {30},
  pages = {1--300},
  volume = 3,
  volumes = 6,
  introduction = {Intro Author},
  pubstate = {prepublished},
  url = {http://example.com},
  urldate = {2002},
  eprint = {PMID},
  eprinttype = {pubmed},
  eprintclass = {EprintClass},
  isbn = {THE ISBN},
  doi = {98-DOI-a34-3},
  language = {english},
  pagination = {verse},
  bookpagination = {section},
  origlanguage = {french},
  langid       = {english},
  langidopts   = {variant=british},
  addendum   = {A full inbook entry},
}
