@article{matteson2011forecasting,
title={Forecasting emergency medical service call arrival rates},
author={Matteson, David S and McLean, Mathew W and Woodard, Dawn B and Henderson, Shane G},
journal={The Annals of Applied Statistics},
volume={5},
number={2B},
pages={1379--1406},
year={2011},
publisher={Institute of Mathematical Statistics}
}

@article{mclean2012functional,
  title={Functional generalized additive models},
  author={McLean, Mathew W and Hooker, Giles and Staicu, Ana-Maria and Scheipl, Fabian and Ruppert, David},
  journal={Journal of Computational and Graphical Statistics},
  doi={10.1080/10618600.2012.729985},
  year={2012},
  publisher={Taylor \\& Francis Group}
}

@article{katzfuss2011spatio,
  title={Spatio-temporal smoothing and EM estimation for massive remote-sensing data sets},
  author={Katzfu√ü, Matthias and Cressie, Noel},
  journal={Journal of Time Series Analysis},
  volume={32},
  number={4},
  pages={430--446},
  year={2011},
  publisher={Wiley Online Library}
}

@misc{mclean2013bayesian,
                    author = {McLean, M. W. and Scheipl, F. and Hooker, G. and Greven, S. and Ruppert, D.},
                    title = {Bayesian Functional Generalized Additive Models with Sparsely Observed Covariates},
                    urldate = {2013-10-06},
                    date = {2013},
                    eprinttype = {arxiv},
                    eprintclass = {stat.ME},
                    eprint = {1305.3585}
}