
@misc{_zotero_????,
	title = {Zotero {\textbar} People {\textgreater} mwmclean {\textgreater} Library},
	url = {https://www.zotero.org/mwmclean/items/mode/edit},
	urldate = {2013-10-25}
},

@article{zhang_confidence_2013,
	title = {Confidence intervals for low dimensional parameters in high dimensional linear models},
	issn = {13697412},
	url = {http://doi.wiley.com/10.1111/rssb.12026},
	doi = {10.1111/rssb.12026},
	urldate = {2013-10-24},
	journal = {Journal of the Royal Statistical Society: Series B (Statistical Methodology)},
	author = {Zhang, Cun-Hui and Zhang, Stephanie S.},
	month = jun,
	year = {2013},
	pages = {n/a--n/a}
},

@article{kasahara_non-parametric_2013,
	title = {Non-parametric identification and estimation of the number of components in multivariate mixtures},
	issn = {13697412},
	url = {http://doi.wiley.com/10.1111/rssb.12022},
	doi = {10.1111/rssb.12022},
	urldate = {2013-10-24},
	journal = {Journal of the Royal Statistical Society: Series B (Statistical Methodology)},
	author = {Kasahara, Hiroyuki and Shimotsu, Katsumi},
	month = jun,
	year = {2013},
	pages = {n/a--n/a}
},

@article{kosmidis_improved_2013,
	title = {Improved estimation in cumulative link models},
	issn = {13697412},
	url = {http://doi.wiley.com/10.1111/rssb.12025},
	doi = {10.1111/rssb.12025},
	urldate = {2013-10-24},
	journal = {Journal of the Royal Statistical Society: Series B (Statistical Methodology)},
	author = {Kosmidis, Ioannis},
	month = jun,
	year = {2013},
	pages = {n/a--n/a}
}
