@article{CARROLL_RUPPERT_1981, title={On prediction and the power transformation family}, volume={68}, url={http://dx.doi.org/10.1093/biomet/68.3.609}, DOI={10.1093/biomet/68.3.609}, number={3}, journal={Biometrika}, publisher={Oxford University Press}, author={CARROLL, R. J. and RUPPERT, DAVID}, year={1981}, pages={609-615}}
@article{Carroll_1999, title={Nonparametric regression in the presence of measurement error}, volume={86}, url={http://dx.doi.org/10.1093/biomet/86.3.541}, DOI={10.1093/biomet/86.3.541}, number={3}, journal={Biometrika}, publisher={Oxford University Press}, author={Carroll, R.}, year={1999}, month={Sep}, pages={541-554}}
@article{Lin_Carroll_2001, title={Semiparametric regression for clustered data}, volume={88}, url={http://dx.doi.org/10.1093/biomet/88.4.1179}, DOI={10.1093/biomet/88.4.1179}, number={4}, journal={Biometrika}, publisher={Oxford University Press}, author={Lin, X. and Carroll, R. J.}, year={2001}, month={Dec}, pages={1179-1185}}
