@manual{biblatex,
  title = {The {biblatex} Package},
  author = {Lehman, Philipp and Kime, Philip and Boruvka, Audrey and Wright, Joseph},
  year = {2013},
  url = {http://ctan.mirrorcatalogs.com/macros/latex/contrib/biblatex/doc/biblatex.pdf}
}

@manual{bibtex,
  title = {\Bibtex\textit{ing}},
  author = {Patashnik, Oren},
  year = {1988},
  url = {http://ctan.sharelatex.com/tex-archive/biblio/bibtex/base/btxdoc.pdf}
}

@manual{chambers2009inheritance,
  author = {Chambers, John M.},
  year = {2009},
  title = {Developments in Class Inheritance and Method Selection},
  url = {http://stat.stanford.edu/~jmc4/classInheritance.pdf}
}

@Article{lubridate,
    title = {Dates and Times Made Easy with {lubridate}},
    author = {Garrett Grolemund and Hadley Wickham},
    journal = {Journal of Statistical Software},
    year = {2011},
    volume = {40},
    number = {3},
    pages = {1--25},
    url = {http://www.jstatsoft.org/v40/i03/},
  }

@article{hornik2012who,
  title={Who Did What? The Roles of R Package Authors and How to Refer to Them},
  author={Hornik, Kurt and Murdoch, Duncan and Zeileis, Achim},
  journal={The {R} Journal},
  volume = {4},
  number = {1},
  year = {2012}
}

@manual{natbib,
  title = {Natural Science Citations and References},
  author = {Daly, Patrick W.},
  year = {2010},
  url = {http://ctan.mirrorcatalogs.com/macros/latex/contrib/natbib/natbib.pdf}
}

@Manual{Rbibtex,
  title = {bibtex: bibtex parser},
  author = {Romain Francois},
  year = {2013},
  note = {R package version 0.3-6},
  url = {http://CRAN.R-project.org/package=bibtex},
}

@Manual{rentrez,
    title = {rentrez: Entrez in R},
    author = {David Winter},
    year = {2012},
    note = {R package version 0.1.1},
    url = {http://CRAN.R-project.org/package=rentrez},
  }

@Manual{RJSONIO,
  title = {RJSONIO: Serialize R objects to JSON, JavaScript Object Notation},
  author = {Duncan Temple Lang},
  year = {2013},
  note = {R package version 1.0-3},
  url = {http://CRAN.R-project.org/package=RJSONIO},
}

@Manual{scholar,
  title = {scholar: Analyse citation data from Google Scholar},
  author = {James Keirstead},
  year = {2013},
  note = {R package version 0.1.1},
  url = {http://CRAN.R-project.org/package=scholar},
}
