
@article{muller_bayesian_2013,
	title = {Bayesian Nonparametric Inference – Why and How},
	volume = {8},
	issn = {1936-0975},
	url = {http://projecteuclid.org/euclid.ba/1369407550},
	doi = {10.1214/13-BA811},
	number = {2},
	urldate = {2013-10-24},
	journal = {Bayesian Analysis},
	author = {Müller, Peter and Mitra, Riten},
	month = jun,
	year = {2013},
	pages = {269--302}
},

@article{sriram_posterior_2013,
	title = {Posterior Consistency of Bayesian Quantile Regression Based on the Misspecified Asymmetric Laplace Density},
	volume = {8},
	issn = {1936-0975},
	url = {http://projecteuclid.org/euclid.ba/1369407561},
	doi = {10.1214/13-BA817},
	number = {2},
	urldate = {2013-10-24},
	journal = {Bayesian Analysis},
	author = {Sriram, Karthik and Ramamoorthi, {R.V.} and Ghosh, Pulak},
	month = jun,
	year = {2013},
	pages = {479--504}
}
